% This file was created with JabRef 2.10.
% Encoding: Cp1252


@Article{ala_augmented_2017,
  Title                    = {An augmented {MFS} approach for brain activity reconstruction},
  Author                   = {Ala, Guido and Fasshauer, Gregory E. and Francomano, Elisa and McCourt, Michael and Ganci, Salvatore},
  Journal                  = {Math. Comput. Simul.},
  Year                     = {2017},
  Pages                    = {online},

  Doi                      = {10.1016/j.matcom.2016.11.009}
}

@InCollection{mccourt_stable_2017,
  Title                    = {Stable likelihood computation for {Gaussian} random fields},
  Author                   = {McCourt, Michael and Fasshauer, G. E.},
  Booktitle                = {Recent {Applications} of {Harmonic} {Analysis} to {Function} {Spaces}, {Differential} {Equations}, and {Data} {Science}: {Novel} {Methods} in {Harmonic} {Analysis}},
  Publisher                = {Basel},
  Year                     = {2017},

  Address                  = {Birk\"auser},
  Editor                   = {Pesenson, I. and Le Gia, Q.T. and Mayeli, A. and Mhaskar, H. and Zhou, D.-X.},
  Pages                    = {917--942},
  Volume                   = {2},

  ISBN                     = {978-3-319-55555-3}
}

@Article{mishra_hybrid_nodate,
  Title                    = {Hybrid {Gaussian}-cubic radial basis function for scattered data interpolation},
  Author                   = {Mishra, P. K. and Nath, S. K. and Fasshauer, G. E. and Sen, M. K.},
  Year                     = {submitted}
}

@Article{mishra_stable_nodate,
  Title                    = {A stable kernel-based finite difference method and its application to meshless solution of frequency-domain wave equation},
  Author                   = {Mishra, P. K. and Nath, S. K. and Fasshauer, G. E. and Sen, M. K.},
  Year                     = {submitted}
}

@Article{rashidinia_stable_nodate,
  Title                    = {Stable {Gaussian} radial basis functions method for solving nonlinear unsteady convection-diffusion-reaction equations},
  Author                   = {Rashidinia, Jalil and Khasi, Manoochehr and Fasshauer, Gregory E.},
  Year                     = {submitted}
}

@Article{vu_rbf-fd_nodate,
  Title                    = {The {RBF}-{FD} and {RBF}-{FDTD} methods for modeling time-domain transient voltages of overhead power lines},
  Author                   = {Vu, P.-T. and Vu, L.-A. P and Fasshauer, G. E.},
  Journal                  = {IET Generation, Transmission \& Distribution},
  Year                     = {submitted}
}

